@article{kocsis2006bandit,
  title={Bandit based monte-carlo planning},
  author={Kocsis, L. and Szepesv{\'a}ri, C.},
  journal={Machine Learning: ECML 2006},
  pages={282--293},
  year={2006},
  publisher={Springer}
}

@article{willems1995context,
  title={The context-tree weighting method: Basic properties},
  author={Willems, F.M.J. and Shtarkov, Y.M. and Tjalkens, T.J.},
  journal={Information Theory, IEEE Transactions on},
  volume={41},
  number={3},
  pages={653--664},
  year={1995},
  publisher={IEEE}
}

@article{aixiapprox,
  title={A Monte-Carlo AIXI Approximation},
  author={Veness, J. and Siong Ng, K. and Hutter, M. and Uther, W. and Silver, D.},
  year={2010}
}

@inproceedings{kuhn,
  title={Effective short-term opponent exploitation in simplified poker},
  author={Hoehn, B. and Southey, F. and Holte, R.C. and Bulitko, V.},
  booktitle={Proceedings of the National Conference on Artificial Intelligence},
  volume={20},
  number={2},
  pages={783},
  year={2005},
  organization={Menlo Park, CA; Cambridge, MA; London; AAAI Press; MIT Press; 1999}
}

@book{hutter2005,
  title={Universal Artificial Intelligence: Sequential Decisions based on
    Algorithmic Probability},
  author={Hutter, M.},
  year={2005},
  address={Berlin},
  publisher={Springer}
}

